@phdthesis{angiuli:2019,
  author = {Angiuli, Carlo},
  institution = {Carnegie Mellon University},
  date = {2019},
  title = {Computational Semantics of Cartesian Cubical Type Theory},
}

@online{abcfhl:2019,
  author = {Angiuli, Carlo and Brunerie, Guillaume and Coquand, Thierry and {Hou (Favonia)}, Kuen-Bang and Harper, Robert and Licata, Daniel R.},
  url = {https://github.com/dlicata335/cart-cube},
  date = {2019-02},
  note = {Preprint},
  title = {Syntax and Models of Cartesian Cubical Type Theory},
}

@inproceedings{orton-pitts:2016,
  author = {Orton, Ian and Pitts, Andrew M.},
  booktitle = {25th {EACSL} Annual Conference on Computer Science Logic, {CSL} 2016, August 29 - September 1, 2016, Marseille, France},
  date = {2016},
  pages = {24:1--24:19},
  title = {Axioms for Modelling Cubical Type Theory in a Topos},
}
